@book{kopka1991latex,
	author = {Kopka, Helmut and Rahtz, Sebastian},
	publisher = {Addison-Wesley},
	title = {LaTeX: Einf\"{u}hrung},
	volume = {2},
	year = {1991}
}

@online{latexKomp,
	lastchecked = {2014-09-14},
	title = {LaTeX-Kompendium -- Wikibooks, Sammlung freier Lehr-, Sach- und Fachb\"{u}cher},
	url = {http://de.wikibooks.org/wiki/LaTeX-Kompendium}
}

@online{quelle,
	lastchecked = {2014-09-01},
	title = {Quellenangabe -- Wikipedia},
	url = {http://de.wikipedia.org/wiki/Quellenangabe#.C3.96sterreich}
}

@online{wiki:quelle,
	author = {Wikipedia},
	lastchecked = {2014-09-14},
	title = {Quellenangabe --- Wikipedia{,} Die freie Enzyklopädie},
	url = {http://de.wikipedia.org/w/index.php?title=Quellenangabe&oldid=131343956}
}

@online{ wiki:zitat,
   author = "Wikipedia",
   title = "Zitat --- Wikipedia{,} Die freie Enzyklopädie",
   url = "http://de.wikipedia.org/w/index.php?title=Zitat&oldid=134064196",
   lastchecked = "2014-09-14"
 }

@online{ris57,
	lastchecked = {2014-09-14},
	title = {Urheberrechtsgesetz},
	url = {http://www.ris.bka.gv.at/Dokumente/Bundesnormen/NOR40041632/NOR40041632.html}
}

@article{dittrich,
	author = {Dittrich, Robert},
	isbn = {3406516831},
	journal = {Urheberrecht im Informationszeitalter. Festschrift f\"{u}r Wilhelm Nordemann.},
	location = {M\"{u}nchen},
	pages = {617--624},
	title = {Zur Quellenangabe bei Zitaten.},
	year = {2004}
}

@online{layout,
  lastchecked = {2014-09-17},
  url = {http://www.siart.de/typografie/latextipps.xhtml#layout},
  title = {LaTeX-Tipps}
}

@online{listingtipp,
  lastchecked = {2014-09-17},
  url = {http://uweziegenhagen.de/?p=1500},
  title={LaTeX: Umlaute in utf8 Listings korrekt ausgeben}
}

@online{hagenberg,
lastchecked = {2016-10-09},
url = {https://github.com/Digital-Media/HagenbergThesis},
title={Hagenberg LaTeX Thesis Template}
}

@online{leitfaden,
lastchecked = { 2018-04-24 },
url = { https://moodle.htl.rennweg.at/MoodleKurs-Matura/HTL_RDP-AP_Leitfaden.pdf },
title = { Reife- und Diplomprüfung, Abschlussprüfung an technischen, gewerblichen und kunstgewerblichen Lehranstalten }
}





@online{food2fork,
lastchecked = { 2019-01-10 },
url = { https://www.food2fork.com/about/api },
title = { Food2Fork API }
}
@online{spoonacular,
lastchecked = { 2019-01-10 },
url = { https://spoonacular.com/food-api },
title = { Spoonacular API }
}
@online{edamam,
lastchecked = { 2019-01-10 },
url = { https://developer.edamam.com/edamam-nutrition-api },
title = { Edamam API }
}
@online{fatsecret,
lastchecked = { 2019-01-10 },
url = { https://platform.fatsecret.com/api/ },
title = { FatSecret API }
}
@online{fatsecretJS,
lastchecked = { 2019-01-25 },
url = { https://platform.fatsecret.com/api/Default.aspx?screen=jsapiqs },
title = { FatSecret API JavaScript }
}
@online{apidef,
lastchecked = { 2019-01-25 },
url = { https://praxistipps.chip.de/was-ist-api-einfach-erklaert_41370 },
title = { API Definition }
}
@online{restapidef,
lastchecked = { 2019-01-26 },
url = { https://www.mulesoft.com/resources/api/restful-api },
title = { REST API Definition }
}



@online{KritikanderMySQLDatenbank,
lastchecked = { 2019-02-10 },
url = { https://www.capterra.com.de/blog/14/die-top-7-kostenlosen-und-open-source-datenbank-softwarelosungen },
title = { Vergleich zwischen kostenlosen Datenbanken }
}

@online{PostgreSQLAnwendungsfall,
lastchecked = { 2019-02-10 },
url = { https://www.postgresql.org/about/  },
title = { PostgreSQL Anwendungsfälle }
}

@online{NoSQL,
lastchecked = { 2019-02-11 },
url = { https://www.bigdata-insider.de/was-ist-nosql-a-615718/  },
title = { NoSQL Definition }
}

@online{MySQLigegenPDO,
lastchecked = { 2019-02-11 },
url = { https://websitebeaver.com/php-pdo-vs-mysqli },
title = { MySQLi und PDO im Vergleich }
}

@online{SQLiteDefinition,
lastchecked = { 2019-02-11 },
url = { https://blog.capterra.com/free-database-software/ },
title = { SQLite Definition }
}

@online{MariaDBDefinition,
lastchecked = { 2019-02-11 },
url = { https://www.informatik-aktuell.de/betrieb/datenbanken/mariadb-und-mysql-vergleich-der-features.html },
title = { MariaDB Definition }
}

@online{DBRanking,
lastchecked = { 2019-02-13 },
url = { https://db-engines.com/de/ranking },
title = { Offizielles Ranking aller Datenbanken }
}

@online{SQLiteLimitierungen,
lastchecked = { 2019-02-17 },
url = { http://www.dbtalks.com/tutorials/learn-sqlite/what-are-the-limitations-of-sqlite },
title = { SQLite Fähigkeiten und Stärken }
}

@online{PostgreSQLVerwaltungstools,
lastchecked = { 2019-02-20 },
url = { http://www.fly2mars-media.de/seoblog/server/anleitung-postgresql-servers-unter-xampp-installieren-102570/ },
title = { PostgreSQL Verwaltungstools }
}


@online{MaterialDesign,
lastchecked = { 2019-01-08 },
url = { material.io/design/introduction/\#principles},
title = { Material Design Definition }
}

@online{MaterialDesignColors,
lastchecked = { 2019-01-09 },
url = { material.io/design/color/the-color-system.html#color-usage-palettes},
title = { Material Design Colors }
}

@online{Logo,
lastchecked = { 2019-01-09 },
url = { material.io/design/iconography/product-icons.html#design-principles },
title = { Logo }
}

@online{Angular Frontend,
lastchecked = { 2019-01-09 },
url = { www.amarinfotech.com/why-angularjs-best-javascript-framework-for-front-end-development.html },
title = { Angular Frontend }
}








